% LangGraph ile Sosyal Ağ Analizi - Sunum Kaynakları

@book{newman2010networks,
  title={Networks: an introduction},
  author={Newman, Mark},
  year={2010},
  publisher={Oxford university press},
  address={Oxford, UK}
}

@book{barabasi2016network,
  title={Network science},
  author={Barab{\'a}si, Albert-L{\'a}szl{\'o}},
  year={2016},
  publisher={Cambridge university press},
  address={Cambridge, UK}
}

@article{freeman1977set,
  title={A set of measures of centrality based on betweenness},
  author={Freeman, Linton C},
  journal={Sociometry},
  pages={35--41},
  year={1977},
  publisher={JSTOR}
}

@article{bonacich1987power,
  title={Power and centrality: A family of measures},
  author={Bonacich, Phillip},
  journal={American journal of sociology},
  volume={92},
  number={5},
  pages={1170--1182},
  year={1987},
  publisher={University of Chicago Press}
}

@article{blondel2008fast,
  title={Fast unfolding of communities in large networks},
  author={Blondel, Vincent D and Guillaume, Jean-Loup and Lambiotte, Renaud and Lefebvre, Etienne},
  journal={Journal of statistical mechanics: theory and experiment},
  volume={2008},
  number={10},
  pages={P10008},
  year={2008},
  publisher={IOP Publishing}
}

@software{networkx,
  title={NetworkX: Network Analysis in Python},
  author={Hagberg, Aric and Swart, Pieter and Chult, Daniel S},
  year={2008},
  url={https://networkx.org/},
  version={3.0}
}

@software{langgraph,
  title={LangGraph: Multi-Agent Conversational AI Framework},
  author={LangChain Inc.},
  year={2024},
  url={https://github.com/langchain-ai/langgraph},
  version={0.1.0}
}

@software{ollama,
  title={Ollama: Get up and running with large language models locally},
  author={Ollama Team},
  year={2024},
  url={https://ollama.ai/},
  note={Open source LLM platform}
}

@article{gemma2024,
  title={Gemma: Open Models Based on Gemini Research and Technology},
  author={Google DeepMind Team},
  journal={arXiv preprint arXiv:2403.08295},
  year={2024}
}

@inproceedings{pydantic2019,
  title={Pydantic: Data validation and settings management using python type annotations},
  author={Colvin, Samuel},
  booktitle={PyCon},
  year={2019},
  url={https://pydantic-docs.helpmanual.io/}
}

@article{wasserman1994social,
  title={Social network analysis: Methods and applications},
  author={Wasserman, Stanley and Faust, Katherine},
  journal={Cambridge university press},
  year={1994}
}

@article{girvan2002community,
  title={Community structure in social and biological networks},
  author={Girvan, Michelle and Newman, Mark EJ},
  journal={Proceedings of the national academy of sciences},
  volume={99},
  number={12},
  pages={7821--7826},
  year={2002},
  publisher={National Acad Sciences}
}

@article{fortunato2010community,
  title={Community detection in graphs},
  author={Fortunato, Santo},
  journal={Physics reports},
  volume={486},
  number={3-5},
  pages={75--174},
  year={2010},
  publisher={Elsevier}
}

@article{burt2005brokerage,
  title={Brokerage and closure: An introduction to social capital},
  author={Burt, Ronald S},
  year={2005},
  publisher={Oxford University Press}
}

@article{granovetter1973strength,
  title={The strength of weak ties},
  author={Granovetter, Mark S},
  journal={American journal of sociology},
  volume={78},
  number={6},
  pages={1360--1380},
  year={1973},
  publisher={University of Chicago Press}
}

@book{scott2017social,
  title={Social network analysis},
  author={Scott, John},
  year={2017},
  publisher={SAGE publications}
}

@article{jackson2008social,
  title={Social and economic networks},
  author={Jackson, Matthew O},
  year={2008},
  publisher={Princeton university press}
}

@inproceedings{leskovec2010empirical,
  title={Empirical comparison of algorithms for network community detection},
  author={Leskovec, Jure and Lang, Kevin J and Mahoney, Michael},
  booktitle={Proceedings of the 19th international conference on World wide web},
  pages={631--640},
  year={2010}
}

@article{albert2002statistical,
  title={Statistical mechanics of complex networks},
  author={Albert, R{\'e}ka and Barab{\'a}si, Albert-L{\'a}szl{\'o}},
  journal={Reviews of modern physics},
  volume={74},
  number={1},
  pages={47},
  year={2002},
  publisher={APS}
}

@article{watts1998collective,
  title={Collective dynamics of 'small-world'networks},
  author={Watts, Duncan J and Strogatz, Steven H},
  journal={nature},
  volume={393},
  number={6684},
  pages={440--442},
  year={1998},
  publisher={Nature Publishing Group}
}

@conference{python2024,
  title={Python Programming Language},
  author={Python Software Foundation},
  year={2024},
  url={https://www.python.org/},
  note={Version 3.11+}
} 